@article{Davis1960,
	author		= {Martin Davis and Hilary Putnam},
	title		= {A Computing Procedure for Quantification Theory},
	journal		= {J. ACM},
	volume		= 7,
	number		= 3,
	month		= "July",
	year		= 1960,
	pages		= {201--215},
	publisher	= {ACM},
	address		= {New York, NY, USA},
}

@article{Davis1962,
	author		= {Martin Davis and George Logemann and Donald Loveland},
	title		= {A machine program for theorem-proving},
	journal		= {Commun. ACM},
	volume		= 5,
	number		= 7,
	month		= "July",
	year		= 1962,
	pages		= {394--397},
	publisher	= {ACM},
	address		= {New York, NY, USA},
} 

@incollection{Tseitin1968,
	title		= {On the complexity of derivations in propositional calculus},
	author		= {G.S. Tseitin},
	booktitle	= {Studies in Mathematics and Mathematical Logic, Part II},
	year		= 1968,
	pages		= {115--125},
	publisher	= {Consultants Bureau, New-York-London},
	editor		= {A. O. Slissenko},
}

@inproceedings{Cook1971,
	author		= "S. A. Cook",
	title		= "The complexity of theorem-proving procedures",
	booktitle	= "{STOC} '71: Proceedings of the third annual {ACM} symposium on {Theory of computing}",
	year		= 1971,
	pages		= {151--158},
}

@article{Land1972,
	title		= {An evaluation of approximate confidence interval estimation methods for lognormal means},
	author		= {Charles E. Land},
	journal		= {Technometrics},
	volume		= 14,
	year		= 1972,
	pages		= {145--158},
}

%Games, P. A., Keselman, H. J., & Clinch, J. J. Tests for homogeneity of variance in factorial designs. Psychological Bulletin, 86, 978-984
@article{Games1979,
	title		= "Tests for homogeneity of variance in factorial designs",
	author		= "P.A. Games and H.J. Keselman and J.J Clinch",
	journal		= "Psychological Bulletin",
	volume		= 86,
	issue		= 5,
	year		= 1979,
	pages		= {978--984},
}

% Rudell, R. and Sangiovanni-Vincentelli, A.: Multiple valued minimization for PLA
% optimization, IEEE Trans. Comput. Aided Design. 6(5) (1987), 727–750.
@article{Rudell1987,
	title		= "Multiple valued minimization for PLA optimization",
	author		= "R.L. Rudell and A. Sangiovanni-Vincentelli",
	journal		= "IEEE Transactions Computer Aided Design of Integrated Circuits and Systems",
	volume		= 6,
	number		= 5,
	year		= 1987,
	pages		= {727--750},
	publisher	= "IEEE Press",
}

\bibitem{SHA} Secure Hash Standard. FIPS 180. National Institute of Standard and Technology (1993)
@inproceedings{Rivest1990,
	title		= "The {MD4} Message Digest Algorithm",
	author		= "R. L. Rivest",
	series		= "LNCS",
	volume		= 537,
	year		= 1990,
	pages		= {303--311},
	publisher	= "Springer-Verlag Berlin Heidelberg",
}

% XXX
@article{Rivest1992,
	title		= "The {MD5} Message Digest Algorithm",
	author		= "R. L. Rivest",
	year		= 1992,
}

@inproceedings{SHA0,
	title		= "Secure Hash Standard",
	series		= "FIPS",
	volume		= "180",
	year		= 1993,
	publisher	= "National Institute of Standards and Technology",
}

@inproceedings{SHA1,
	title		= "Secure Hash Standard",
	series		= "FIPS",
	volume		= "180-1",
	year		= 1995,
	publisher	= "National Institute of Standards and Technology",
}

@inproceedings{SHA2,
	title		= "Secure Hash Standard",
	series		= "FIPS",
	volume		= "180-2",
	year		= 2002,
	publisher	= "National Institute of Standards and Technology",
}

@article{DiCiccio1996,
	title		= "Bootstrap Confidence Intervals",
	author		= "Thomas J. DiCiccio and Bradley Efron",
	journal		= "Statistical Science",
	volume		= 11,
	issue		= 3,
	year		= 1996,
	pages		= {189--212},
	publisher	= "Institute of Mathematical Statistics",
}

@inproceedings{Dobbertin1996,
	title		= "{RIPEMD-160}: A Strengthened Version of {RIPEMD}",
	author		= "H. Dobbertin and A. Booselaers and B. Preneel",
	series		= "LNCS",
	volume		= 1039,
	year		= 1996,
	pages		= {71--82},
}

@article{Zhou1997,
	title		= {Methods for Comparing the Means of Two Independent Log-Normal Samples},
	author		= {Xioa-Hua Zhou and Sujuan Gao and Siu L. Hui},
	journal		= {Biometrics},
	volume		= 53,
	issue		= 3,
	year		= 1997,
	pages		= {1129--1135},
	publisher	= {International Biometric Society},
}

@book{Vollmer1999,
	title		= "Introduction to Circuit Complexity",
	author		= "Heribert Vollmer",
	year		= 1999,
	publisher	= {Springer Berlin},
}

@article{MarquesSilva1999,
	title		= "{GRASP}: A Search Algorithm for Propositional Satisfiability",
	author		= "João P. Marques-Silva and Karem A. Sakallah",
	journal		= "{IEEE} Transactions on Computers",
	year		= 1999,
	volume		= 48,
	pages		= {506--521},
}

@inproceedings{MarquesSilva1999b,
	author		= "João P. Marques-Silva",
	title		= "The impact of branching heuristics in propositional satisfiability algorithms",
	booktitle	= {In 9th Portuguese Conference on Artificial Intelligence (EPIA)},
	year		= 1999,
	pages		= {62--74},
}

@inproceedings{Walsh2000,
	author		= {Toby Walsh},
	title		= {SAT v CSP},
	booktitle	= "{CP '00}: Proceedings of the 6th International Conference On Principles and Practice of Constraint Programming",
	year		= {2000},
	pages		= {441--456},
	publisher	= {Springer-Verlag}
}

@inproceedings{Massacci1999a,
	title		= "Towards the Formal Verification of Ciphers: Logical Cryptanalysis of {DES}",
	author		= "Fabio Massacci and Laura Marraro",
	booktitle	= {Proceedings of the Third LICS Workshop on Formal Methods and Security Protocols, Federated Logic Conferences},
	year		= 1999,
}

@inproceedings{Massacci1999b,
	title		= "Using {Walk-SAT} and {Rel-SAT} for Cryptographic Key Search",
	author		= "F. Massacci",
	booktitle	= "{IJCAI '99}: Proceedings of the 16th International Joint Conference on Artificial Intelligence",
	year		= 1999,
	pages		= {290--295},
	publisher	= {Morgan Kaufmann Publishers Inc.},
	address		= {San Francisco, CA, USA},
}

@article{Massacci2000,
	title		= "Logical Cryptanalysis as a {SAT} Problem: Encoding and analysis of the {U.S.} data encryption standard",
	author		= "F. Massacci and L. Marraro",
	journal		= "Journal of Automated Reasoning",
	volume		= 24,
	number		= {1--2},
	year		= 2000,
	pages		= {165--203},
}

@article{Fiorini2003,
	author		= "Claudia Fiorini and Enrico Martinelli and Fabio Massacci",
	title		= "How to fake an {RSA} signature by encoding modular root finding as a {SAT} problem",
	journal		= "Discrete Applied Mathematics",
	volume		= 130,
	number		= 2,
	year		= 2003,
	pages		= {101--127},
}

% XXX
@article{Zhang2001,
	title		= "Efficient Conflict Driven Learning in a Boolean Satisfiability Solver",
	author		= "Lintao Zhang and Conor F. Madigan and Matthew H. Moskewicz and Sharad Malik",
}

@inproceedings{Tompkins2005,
  author		= "Dave A. D. Tompkins and Holger H. Hoos",
  title			= "{UBCSAT}: An Implementation and Experimentation Environment for {SLS} Algorithms for {SAT} and {MAX-SAT}",
  booktitle		= "Revised Selected Papers from the Seventh International Conference on Theory and Applications of Satisfiability Testing ({SAT 2004})",
  pages			= {306--320},
  year			= 2005,
  editor		= "Holger Hoos and David Mitchell",
  series		= "Lecture Notes in Computer Science",
  volume		= 3542,
  publisher		= "Springer Berlin / Heidelberg",
}

@inproceedings{Jova2005,
	title		= "Logical Analysis of Hash Functions",
	author		= "D. Jovanovi\'{c} and P. Jani\v{c}i\'{c}",
	series		= "LNAI",
	volume		= 3717,
	year		= 2005,
	pages		= {200--215},
}

@inproceedings{Heule2005,
	title           = {March\_eq: Implementing Additional Reasoning into an Efficient Lookahead Sat Solver},
	author          = {Marijn J. H. Heule and Joris E. van Zwieten and Mark Dufour and Hans van Maaren},
	booktitle       = {SAT 2004},
	publisher       = {Springer},
	year            = 2005,
	editor          = {Holger H. Hoos and David G. Mitchell},
	volume          = 3542,
	series          = {Lecture Notes in Computer Science},
	pages           = {345--359},
	url             = {http://www.st.ewi.tudelft.nl/~marijn/publications/35420345.pdf},
}

%\bibitem{Een2006} Eén, N., Sörensson, N.: Translating Pseudo-Boolean Constraints into SAT. In: Journal on Satisfiability, Boolean Modeling and Computation, vol. 2, pp. 1--26. IOS Press, Amsterdam (2006)
@article{Een2006,
	title		= "Translating Pseudo-Boolean Constraints into SAT",
	author		= "Niklas Eén and Niklas Sörensson",
	journal		= "Journal on Satisfiability, Boolean Modeling and Computation",
	year		= 2006,
	month		= "March",
	volume		= 2,
	pages		= {1--26},
	publisher	= "IOS Press, Amsterdam",
}

@misc{Brady2006,
	title		= "The Effects of Arithmetic Encodings on SAT Solver Performance",
	author		= "B. Brady and Y. Yang",
	year		= 2006,
	note		= "\url{http://www.eecs.berkeley.edu/~bbrady/documents/BradyYang-report.pdf}",
}

@inproceedings{Brummayer2006,
	author		= {Robert Brummayer and Armin Biere},
	title		= {Local two-level And-Inverter Graph minimization without blowup},
	booktitle	= "{MEMICS '06}: Proceedings of the 2nd Doctoral Workshop on Mathematical and Engineering Methods in Computer Science",
	year		= {2006}
}

@article{Heule2006,
	title           = {March\_dl: Adding Adaptive Heuristics and a New Branching Strategy},
	author          = {Marijn J.H. Heule and Hans van Maaren},
	journal         = {Journal on Satisfiability, Boolean Modeling and Computation},
	year            = 2006,
	month           = "March",
	volume          = 2,
	pages           = {47--59},
	url             = {http://www.st.ewi.tudelft.nl/~heule/publications/JSAT2_3_Heule.pdf},
}

@inproceedings{Miro2006,
	title		= "Applications of {SAT} Solvers to Cryptanalysis of Hash Functions",
	author		= "I. Mironov and L. Zhang",
	series		= "LNCS",
	volume		= 4121,
	year		= 2006,
	pages		= {102-115},
}

@TechReport{Pipatsrisawat2007,
	title		= {RSat 2.0: SAT Solver Description},
	author		= "Knot Pipatsrisawat and Adnan Darwiche",
	institution	= "Automated Reasoning Group, Computer Science Department, UCLA",
	number		= {D--153},
	year		= 2007
}

@inproceedings{Pipatsrisawat2007b,
	title		= "A Lightweight Component Caching Scheme for Satisfiability Solvers",
	author		= "Knot Pipatsrisawat and Adnan Darwiche",
	booktitle	= "{SAT} '07: Proceedings of the 10th International Conference on Theory and Applications of Satisfiability Testing",
	year		= 2007,
	pages		= {294--299}
}

@inproceedings{De2007,
	title		= "Inversion Attacks on Secure Hash Functions Using {SAT} Solvers",
	author		= "D. De and A. Kumarasubramanian and R. Venkatesan",
	series		= "LNCS",
	volume		= 4501,
	year		= 2007,
	pages		= {377-382},
}

@inproceedings{Sreb2007,
	title		= "{SAT} as a programming environment for linear algebra and cryptanalysis",
	author		= "Marian Srebrny and Mateusz Srebrny and Lidia Stepień",
	booktitle	= {ISAIM},
	year		= 2007,
}

@inproceedings{Gebser2007,
    title = "{clasp}: A conflict-driven answer set solver",
    author = "Martin Gebser and Benjamin Kaufmann and André Neumann and Torsten Schaub",
    booktitle = {LPNMR’07},
    year = 2007,
    pages = {260--265},
    publisher = {Springer}
}

@misc{Rivest2008,
	author		= {Ronald L. Rivest and Benjamin Agre and Daniel V. Bailey and Christopher Crutchfield and Yevgeniy Dodis and Kermin Elliott and Fleming Asif Khan and Jayant Krishnamurthy and Yuncheng Lin and Leo Reyzin and Emily Shen and Jim Sukha and Drew Sutherland and Eran Tromer and Yiqun Lisa Yin},
	title		= {The MD6 hash function. A proposal to NIST for SHA-3},
	year		= 2008,
}

@inproceedings{Eibach2008,
	title		= "Attacking {Bivium} Using {SAT} Solvers",
	author		= "T. Eibach and E. Pilz and G. Völkel",
	series		= "LNCS",
	volume		= 4996,
	year		= 2008,
	pages		= "63-76",
}

@inproceedings{Courtois2007,
  author    = {Nicolas Courtois and Gregory V. Bard},
  title     = "Algebraic Cryptanalysis of the Data Encryption Standard",
  booktitle = {IMA Int. Conf.},
  year      = 2007,
  pages     = {152--169},
}

@inproceedings{Cour2008,
	title		= "Algebraic and Slide Attacks on {KeeLoq}",
	author		= "N. T. Courtois and Gregory V. Bard and D. Wagner",
	series		= "LNCS",
	volume		= 5086,
	year		= 2008,
	pages		= "97-115",
}

@article{Chen2008,
	title		= "Strategies on Algebraic Attacks Using {SAT} Solvers",
	author		= "B. Chen",
	pages		= {2204-2209},
	year		= 2008,
}

@article{Zou2009,
	title		= "Simple confidence intervals for lognormal means and their differences with environmental applications",
	author		= "G. Y. Zou and cindy Yan Huo and Julia Taleban",
	journal		= "Environmetrics",
	volume		= 20,
	year		= 2009,
	pages		= {172--180},
	publisher	= "Wiley InterScience",
}

@incollection{Bard2009,
	booktitle	= "Algebraic Cryptanalysis",
	author		= "Gregory V. Bard",
	publisher	= "Springer-Verlag Berlin Heidelberg",
}

@inproceedings{Niko2009,
	title		= "Instance-Based Selection of Policies for {SAT} Solvers",
	author		= "M. Nikolić and F. Marić and P. Janičič",
	series		= "LNCS",
	volume		= 5581,
	year		= 2009,
	pages		= "326-340",
	publisher	= "Springer-Verlag Berlin Heidelberg",
}

@inproceedings{Soos2009,
	title		= "Extending {SAT} Solvers to Cryptographic Problems",
	author		= "Mate Soos and Karsten Nohl and Claude Castelluccia",
	series		= "LNCS",
	volume		= 5584,
	year		= 2009,
	pages		= {244--257},
	publisher	= "Springer-Verlag Berlin Heidelberg",
}

@inproceedings{Eric2009,
	title		= "Algebraic Cryptanalysis of {SMS4}: {Gröbner} Basis Attack and {SAT} Attack Compared",
	author		= "Jeremy Erickson and Jintai Ding and Chris Christensen",
	series		= "LNCS",
	volume		= 5984,
	year		= 2009,
	pages		= "73-86",
	publisher	= "Springer-Verlag Berlin Heidelberg",
}

@inproceedings{Cour2009,
	title		= "Practical Algebraic Attacks on the {Hitag2} Stream Cipher",
	author		= "N. T. Courtois and S. O'Neil and J.-J. Quisquater",
	series		= "LNCS",
	volume		= 5735,
	year		= 2009,
	pages		= "167-176",
	publisher	= "Springer-Verlag Berlin Heidelberg",
}

@inproceedings{Soos2010,
	author		= "Mate Soos",
	title		= "Enhanced Gaussian Elimination in {DPLL}-based {SAT} Solvers",
	booktitle	= "Pragmatics of {SAT} Workshop",
	month		= {July},
	year		= 2010,
}

@inproceedings{Bejar2010,
	title		= "Encoding Basic Arithmetic Operations for {SAT}-Solvers",
	author		= "R. Béjar and C. Fernández and F. Guitart",
	booktitle	= "Proceedings of the 2010 Conference on Artificial Intelligence Research and Development: Proceedings of the 13th International Conference of the Catalan Association for Artificial Intelligence",
	year		= 2010,
	pages		= {239--248},
	publisher	= "IOS Press, Amsterdam",
}

@article{LeBerre2010,
	title		= "The Sat4j library, release 2.2",
	author		= "Daniel Le Berre and Anne Parrain",
	journal		= "Journal on Satisfiability, Boolean Modeling and Computation",
	volume		= 7,
	year		= 2010,
	pages		= {59--64},
}

@misc{Mora2010,
	author		= {P. Morawiecki and M. Srebrny},
	title		= "A {SAT}-based preimage analysis of reduced {KECCAK} hash functions",
	url		= {http://eprint.iacr.org/2010/285.pdf},
	howpublished	= {Cryptology ePrint Archive, Report 2010/285},
	year		= 2010,
}

@techreport{Haim2010,
	title		= "Towards Ultra Rapid Restarts",
	author		= "Shai Haim and Marijn Heule",
	institution	= "{UNSW} and {TU} Delft",
	year		= 2010,
}

# XXX
@misc{DESRemoval,
	title		= "Announcing Approval of the Withdrawal of Federal Information Processing Standard ({FIPS}) 46–3, {Data Encryption Standard} ({DES}); {FIPS} 74, Guidelines for Implementing and Using the {NBS Data Encryption Standard}; and {FIPS} 81, {DES} Modes of Operation",
}

@inproceedings{Gelder2011,
	title		= "Careful ranking of multiple solvers with timeouts and ties",
	author		= "Allen Van Gelder",
	booktitle	= "{SAT} '11: Proceedings of the 14th International Conference on Theory and Application of Satisfiability Testing",
	series		= "LNCS",
	volume		= 6695,
	year		= 2011,
	pages		= {317--328},
	publisher	= "Springer-Verlag Berlin Heidelberg",
}

@article{Guo2011,
	title		= "The {PHOTON} Family of Lightweight Hash Functions",
	author		= "J. Guo and T. Peyrin and A. Poschmann",
	series		= "LNCS",
	volume		= 6841,
	year		= 2011,
	pages		= {222--239},
	publisher	= "Springer Berlin / Heidelberg",
}

% XXX: Peer-reviewed?
@article{Semenov2011,
	title		= "Parallel algorithms for {SAT} in application to inversion problems of some discrete problems",
	author		= "Alexander Semenov and Oleg Zaikin and Dmitry Bespalov and Mikhail Posypkin",
	journal		= {CoRR},
	volume		= {abs/1102.3563},
	year		= 2011,
}

@inproceedings{Semenov2011b,
	author		= "Alexey Ignatiev and Alexander Semenov",
	title		= "{DPLL}+{ROBDD} Derivation Applied to Inversion of Some Cryptographic Functions",
	booktitle	= {SAT},
	year		= {2011},
	pages		= {76--89},
}

@inproceedings{Semenov2011c,
	author		= "Alexander Semenov and Oleg Zaikin and Dmitry Bespalov and Mikhail Posypkin",
	title		= "Parallel Logical Cryptanalysis of the Generator A5/1 in BNB-Grid System",
	booktitle	= {PaCT},
	year		= 2011,
	pages		= {473--483},
}

@article{Huang2010,
  author    = "Jinbo Huang",
  title     = "Extended clause learning",
  journal   = "Journal of Artificial Intelligence",
  volume    = 174,
  number    = 15,
  year      = 2010,
  pages     = {1277--1284},
}

@InProceedings{Audemard2010,
	title = "A Restriction of Extended Resolution for Clause Learning {SAT} Solvers",
	booktitle = {24nd Conference on Artificial Intelligence(AAAI'10)},
	pages = {10--15},
	author = {Gilles Audemard and George Katsirelos and Laurent Simon},
	year = {2010},
	month = "July",
}

@Unpublished{Bard2007,
	title = "Efficient Methods for Conversion and Solution of Sparse Systems of Low-Degree Multivariate Polynomials over {GF(2)} via {SAT}-Solvers",
	author = "Gregory V. Bard and Nicolas T. Courtois and Chris Jefferson",
	year = {2007},
	month = "January",
	note = "\url{http://eprint.iacr.org/2007/024}",
}

@InProceedings{Moskewicz2001,
	author = "Matthew W. Moskewicz and Conor F. Madigan and Ying Zhao and Lintao Zhang and Sharad Malik",
	title = "Chaff: Engineering an Efficient {SAT} Solver",
	booktitle = "Annual {ACM} {IEEE} design automation conference",
	year = {2001},
	pages = {530--535},
	publisher = "ACM",
}

%15. Goldberg, E., Novikov, Y.: BerkMin: A fast and robust SAT solver. In: Proc. DATE’02. (2002) 142–149
@inproceedings{Goldberg2002,
	title		= "{BerkMin}: A fast and robust {SAT}-solver",
	author		= "Evgueni Goldberg and Yakov Novikov",
	booktitle	= "{DATE} '02: Proceedings of Design, Automation, and Test in Europe",
	year		= 2002,
	pages		= {142--149},
}

@article{Simons2002,
 author = {Simons, Patrik and Niemelá, Ilkka and Soininen, Timo},
 title = {Extending and implementing the stable model semantics},
 journal = {Artif. Intell.},
 issue_date = {June 2002},
 volume = {138},
 number = {1-2},
 month = "June",
 year = {2002},
 pages = {181--234},
 publisher = {Elsevier Science Publishers Ltd.},
}

@inproceedings{Biere2008,
	title		= "Adaptive restart control for conflict driven {SAT} solvers",
	author		= "Armin Biere",
	booktitle	= "{SAT} '08: Proceedings of the 11th International Conference on Theory and Applications of Satisfiability Testing",
	series		= "LNCS",
	volume		= 4996,
	year		= 2008,
	publisher	= "Springer-Verlag Berlin Heidelberg",
}

@INPROCEEDINGS{Dershowitz2007,
	title = "Towards a better understanding of the functionality of a conflict-driven {SAT} solver",
	author = {Nachum Dershowitz and Ziyad Hanna and Alexander Nadel},
	series = {Lecture Notes in Computer Science},
	year = 2007,
	pages = {287--293},
	publisher = {Springer-Verlag Berlin Heidelberg}
}

@phdthesis{Nadel2009,
	title		= "Understanding and Improving a Modern {SAT} Solver",
	author		= "Alexander Nadel",
	school		= "Tel Aviv University",
	year		= 2009,
	month		= "August",
}

@phdthesis{McDonald2010,
	title		= "Analysis of Modern Cryptographic Primitives",
	author		= "Cameron McDonald",
	school		= "Macquarie University",
	year		= 2010,
	month		= "January",
}

@inproceedings{Een2005,
	title		= "Effective preprocessing in {SAT} through variable and clause elimination",
	author		= "Niklas Eén and Armin Biere",
	booktitle	= "{SAT} '05: Proceedings of the 8th International Conference on Theory and Applications of Satisfiability Testing",
	series		= "LNCS",
	volume		= 3569,
	year		= 2005,
	pages		= {61--75},
	publisher	= "Springer-Verlag Berlin Heidelberg",
}

@article{Jarvisalo2009,
	author = "Matti Järvisalo and Tommi Junttila",
	title = "Limitations of restricted branching in clause learning",
	journal = {Constraints},
	volume = {14},
	issue = {3},
	month = {September},
	year = 2009,
	issn = {1383-7133},
	pages = {325--356},
	doi = {10.1007/s10601-008-9062-z},
	publisher = {Kluwer Academic Publishers},
	address = {Hingham, MA, USA},
}

@inproceedings{Jarvisalo2010,
	title		= "Blocked Clause Elimination",
	author		= "Matti Järvisalo and Armin Biere and Marijn Heule",
	booktitle	= "{TACAS} '10",
	year		= 2010,
	pages		= {129--144},
}

%5. Ryan, L.: Efficient algorithms for clause-learning SAT solvers. MSc thesis, Simon Fraser University (2004)
@mastersthesis{Ryan2004,
	author		= "Lawrence Ryan",
	title		= "Efficient algorithms for clause-learning {SAT} solvers",
	school		= "Simon Fraser University",
	year		= "2004",
}

@incollection{Een2004,
    title = "An Extensible {SAT}-solver",
    author = "Niklas Eén and Niklas Sörensson",
    booktitle = {Theory and Applications of Satisfiability Testing},
    chapter = 37,
    editor = {Giunchiglia, Enrico and Tacchella, Armando},
    isbn = {978-3-540-20851-8},
    journal = {Theory and Applications of Satisfiability Testing},
    pages = {333--336},
    publisher = "Springer-Verlag Berlin Heidelberg",
    series = "LNCS",
    volume = 2919,
    year = 2004,
}

@techreport{Biere2010,
	title = "{Lingeling}, {Plingeling}, {PicoSAT} and {PrecoSAT} at {SAT Race} 2010",
	author = "Armin Biere",
	institution = "Institute for Formal Models and Verification, Johannes Kepler University, Linz, Austria",
	year = 2010,
	number = "10/1",
	month = "August",
}

@conference{Nikolic2010,
 title="Statistical Methodology for Comparison of {SAT} Solvers",
 author="Mladen Nikolić",
 booktitle="{SAT} '10: Proceedings of the 13th International Conference on Theory and Applications of Satisfiability Testing",
 pages={209--222},
 isbn={3642141854},
 year=2010,
 organization="Springer-Verlag New York Inc",
}

@inproceedings{Audemard2009,
 author = "Gilles Audemard and Laurent Simon",
 title = "Predicting learnt clauses quality in modern {SAT} solvers",
 booktitle = {Proceedings of the 21st international jont conference on Artifical intelligence},
 series = {IJCAI'09},
 year = {2009},
 location = {Pasadena, California, USA},
 pages = {399--404},
 publisher = {Morgan Kaufmann Publishers Inc.},
 address = {San Francisco, CA, USA},
}

@techreport{Balint2011,
	title		= "{Sparrow2011}",
	author		= "Adrian Balint and Andreas Fröhlich and Dave A. D. Tompkins and Holger H. Hoos",
	year		= 2011,
}

@techreport{Xu2012,
	title		= "{SATzilla2012}: Improved Algorithm Selection Based on Cost-sensitive Classification Models",
	author		= "Lin Xu and Frank Hutter and Jonathan Shen and Holger H. Hoos and Kevin Leyton-Brown",
	year		= 2012,
}

@Manual{R,
	title		= {R: A Language and Environment for Statistical Computing},
	author		= {{R Core Team}},
	organization	= {R Foundation for Statistical Computing},
	address		= {Vienna, Austria},
	year		= 2012,
	note		= {{ISBN} 3-900051-07-0},
	note		= "\url{http://www.R-project.org}"
}

@misc{whuber2012,
	author		= "William A. Huber",
	year		= 2012,
	note		= "\url{http://stats.stackexchange.com/questions/35630/can-i-assume-log-normality-for-this-sample}",
}

@inproceedings{DBLP:conf/ches/RenauldSV09,
  author    = {Mathieu Renauld and
               Fran\c{c}ois-Xavier Standaert and
               Nicolas Veyrat-Charvillon},
  title     = {Algebraic Side-Channel Attacks on the {AES}: {W}hy Time also
               Matters in {DPA}},
  booktitle = {CHES},
  year      = {2009},
  pages     = {97-111},
  ee        = {http://dx.doi.org/10.1007/978-3-642-04138-9_8},
  crossref  = {DBLP:conf/ches/2009},
  bibsource = {DBLP, http://dblp.uni-trier.de}
}
@proceedings{DBLP:conf/ches/2009,
  editor    = {Christophe Clavier and
               Kris Gaj},
  title     = {Cryptographic Hardware and Embedded Systems - CHES 2009,
               11th International Workshop, Lausanne, Switzerland, September
               6-9, 2009, Proceedings},
  booktitle = {CHES},
  publisher = {Springer},
  series    = {Lecture Notes in Computer Science},
  volume    = {5747},
  year      = {2009},
  isbn      = {978-3-642-04137-2},
  ee        = {http://dx.doi.org/10.1007/978-3-642-04138-9},
  bibsource = {DBLP, http://dblp.uni-trier.de}
}

@inproceedings{Eibach:2008:ABU:1789854.1789861,
 author = {Eibach, Tobias and Pilz, Enrico and V\"{o}lkel, Gunnar},
 title = {Attacking Bivium using SAT solvers},
 booktitle = {Proceedings of the 11th international conference on Theory and applications of satisfiability testing},
 series = {SAT'08},
 year = {2008},
 isbn = {3-540-79718-1, 978-3-540-79718-0},
 location = {Guangzhou, China},
 pages = {63--76},
 numpages = {14},
 url = {http://dl.acm.org/citation.cfm?id=1789854.1789861},
 acmid = {1789861},
 publisher = {Springer-Verlag},
 address = {Berlin, Heidelberg},
 keywords = {BDD, Rsat, SAT solver, application, bivium, cryptography, eSTREAM, gr\"{o}bner base, stream cipher, trivium},
} 

